@inbook{RefWorks:281,
	author={Amit Agrawal and Ramesh Raskar and Rama Chellappa},
	year={2006},
	title={What is the range of surface reconstructions from a gradient field?},
	series={Computer Vision–ECCV 2006},
	publisher={Springer},
	pages={578-591}
}

@inbook{RefWorks:240,
	author={Abdelrehim Ahmed and Aly Farag},
	year={2007},
	title={A new statistical model combining shape and spherical harmonics illumination for face reconstruction},
	series={Advances in Visual Computing},
	publisher={Springer},
	pages={531-541}
}

@article{RefWorks:82,
	author={Mohamed N. Ahmed and Sameh M. Yamany and Nevin Mohamed and Aly A. Farag and Thomas Moriarty},
	year={2002},
	title={A modified fuzzy c-means algorithm for bias field estimation and segmentation of MRI data},
	journal={Medical Imaging, IEEE Transactions on},
	volume={21},
	number={3},
	pages={193-199}
}

@misc{RefWorks:80,
  author = 	 {N. Alyuz and B. Gokberk and L. Akarun},
  year = 	 {2013},
  title = 	 {3D Face Recognition under Occlusion using Masked Projection},
  journal = 	 {Information Forensics and Security, IEEE Transactions on},
  volume = 	 {PP},
  number = 	 {99},
  pages = 	 {1-1},
  note = 	 {ID: 1},
  isbn = 	 {1556-6013}
}

@inproceedings{RefWorks:279,
	author={Brian Amberg and Andrew Blake and Thomas Vetter},
	year={2009},
	title={On compositional image alignment, with an application to active appearance models},
	booktitle={Computer Vision and Pattern Recognition, 2009. CVPR 2009. IEEE Conference on},
	publisher={IEEE},
	pages={1714-1721}
}

@inproceedings{RefWorks:8,
	author={B. Amberg and S. Romdhani and T. Vetter},
	year={2007},
	month={june},
	title={Optimal Step Nonrigid ICP Algorithms for Surface Registration},
	booktitle={Computer Vision and Pattern Recognition, 2007. CVPR '07. IEEE Conference},
	pages={1},
	keywords={affine regularisation; affine transformation; nearest-point search; nonrigid registration; optimal iterative closest point steps; optimal step nonrigid ICP algorithm; registration loops; surface registration; affine transforms; image registration; iterative methods},
	isbn={1063-6919}
}

@inproceedings{RefWorks:243,
	author={Annan Li and Shiguang Shan and Xilin Chen and Xiujuan Chai and Wen Gao},
	year={2008},
	title={Recovering 3D facial shape via coupled 2D/3D space learning},
	booktitle={Automatic Face & Gesture Recognition, 2008. FG '08. 8th IEEE International Conference on},
	pages={1-6},
	note={ID: 1}
}

@article{RefWorks:31,
	author={K. S. Arun and T. S. Huang and S. D. Blostein},
	year={1987},
	title={Least-Squares Fitting of Two 3-D Point Sets},
	journal={Pattern Analysis and Machine Intelligence, IEEE Transactions on},
	volume={PAMI-9},
	number={5},
	pages={698-700},
	note={ID: 1},
	abstract={Two point sets {pi} and {p'i}; i = 1, 2,..., N are related by p'i = Rpi + T + Ni, where R is a rotation matrix, T a translation vector, and Ni a noise vector. Given {pi} and {p'i}, we present an algorithm for finding the least-squares solution of R and T, which is based on the singular value decomposition (SVD) of a 3 Ã 3 matrix. This new algorithm is compared to two earlier algorithms with respect to computer time requirements.},
	isbn={0162-8828}
}

@inproceedings{RefWorks:73,
	author={A. B. Ashraf and S. Lucey and Tsuhan Chen},
	year={2010},
	title={Fast image alignment in the Fourier domain},
	booktitle={Computer Vision and Pattern Recognition (CVPR), 2010 IEEE Conference on},
	pages={2480-2487},
	note={ID: 1},
	isbn={1063-6919}
}

@article{RefWorks:97,
	author={Joseph J. Atick and Paul A. Griffin and A. Norman Redlich},
	year={1996},
	title={Statistical approach to shape from shading: Reconstruction of three-dimensional face surfaces from single two-dimensional images},
	journal={Neural computation},
	volume={8},
	number={6},
	pages={1321-1340}
}

@article{RefWorks:257,
	author={Salvador E. Ayala-Raggi and Leopoldo Altamirano-Robles and Janeth Cruz-Enriquez},
	year={2011},
	month={2},
	title={Automatic face interpretation using fast 3D illumination-based AAM models},
	journal={Computer Vision and Image Understanding},
	volume={115},
	number={2},
	pages={194-210},
	keywords={Active appearance models; Face interpretation; 3<span style='font-style: italic'>D</span> face alignment; 3<span style='font-style: italic'>D</span> model fitting; Face modeling; Illumination modeling; Unconstrained face analysis},
	isbn={1077-3142}
}

@techreport{RefWorks:53,
	author={S. Baker and R. Gross and T. Ishikawa and I. Matthews},
	year={2003a},
	title={Lucas-Kanade 20 Years On: A Unifying Framework: Part 2},
	institution={The Robotics Institute, Carnegie Mellon University},
	number={CMU-RI-TR-03-01}
}

@inproceedings{RefWorks:74,
	author={Simon Baker and Iain Matthews},
	year={2001},
	title={Equivalence and efficiency of image alignment algorithms},
	booktitle={Computer Vision and Pattern Recognition, 2001. CVPR 2001. Proceedings of the 2001 IEEE Computer Society Conference on},
	publisher={IEEE},
	volume={1},
	pages={I-1090-I-1097 vol. 1}
}

@article{RefWorks:75,
	author={Simon Baker and Raju Patil and K. Man Cheung and Iain Matthews},
	year={2004},
	title={Lucas-kanade 20 years on: Part 5},
	journal={Robotics Institute, Carnegie Mellon University, Tech.Rep.CMU-RI-TR-04-64}
}

@article{RefWorks:10,
	author={Simon Baker and Iain Matthews},
	year={2004},
	month={feb},
	title={Lucas-Kanade 20 Years On: A Unifying Framework},
	journal={Int.J.Comput.Vision},
	volume={56},
	number={3},
	pages={221-255},
	keywords={Gauss-Newton; Levenberg-Marquardt; Lucas-Kanade; Newton; a unifying framework; additive vs. compositional algorithms; efficiency; forwards vs. inverse algorithms; image alignment; steepest descent; the inverse compositional algorithm},
	isbn={0920-5691},
	url={http://dx.doi.org/10.1023/B:VISI.0000011205.11775.fd}
}

@inproceedings{RefWorks:267,
	author={Tadas Baltrusaitis and Peter Robinson and L. Morency},
	year={2012},
	title={3D constrained local model for rigid and non-rigid facial tracking},
	booktitle={Computer Vision and Pattern Recognition (CVPR), 2012 IEEE Conference on},
	publisher={IEEE},
	pages={2610-2617}
}

@inproceedings{RefWorks:223,
	author={Jonathan T. Barron and Jitendra Malik},
	year={2011},
	title={High-frequency shape and albedo from shading using natural image statistics},
	booktitle={Computer Vision and Pattern Recognition (CVPR), 2011 IEEE Conference on},
	publisher={IEEE},
	pages={2521-2528}
}

@inproceedings{RefWorks:224,
	author={Jonathan T. Barron and Jitendra Malik},
	year={2012},
	title={Shape, albedo, and illumination from a single image of an unknown object},
	booktitle={Computer Vision and Pattern Recognition (CVPR), 2012 IEEE Conference on},
	publisher={IEEE},
	pages={334-341}
}

@techreport{RefWorks:225,
	author={Jonathan Barron and Jitendra Malik},
	year={2013},
	month={May},
	title={Shape, Illumination, and Reflectance from Shading},
	institution={EECS, UC Berkeley}
}

@article{RefWorks:108,
	author={Svetlana Barsky and Maria Petrou},
	year={2003},
	title={The 4-source photometric stereo technique for three-dimensional surfaces in the presence of highlights and shadows},
	journal={Pattern Analysis and Machine Intelligence, IEEE Transactions on},
	volume={25},
	number={10},
	pages={1239-1252}
}

@article{RefWorks:217,
	author={Herbert Bay and Andreas Ess and Tinne Tuytelaars and Luc Van Gool},
	year={2008},
	title={Speeded-up robust features (SURF)},
	journal={Computer Vision and Image Understanding},
	volume={110},
	number={3},
	pages={346-359}
}

@article{RefWorks:91,
	author={Mikhail Belkin and Partha Niyogi},
	year={2003},
	title={Laplacian eigenmaps for dimensionality reduction and data representation},
	journal={Neural computation},
	volume={15},
	number={6},
	pages={1373-1396}
}

@article{RefWorks:1,
	author={P. J. Besl and H. D. McKay},
	year={1992},
	month={feb},
	title={A method for registration of 3-D shapes},
	journal={Pattern Analysis and Machine Intelligence, IEEE Transactions},
	volume={14},
	number={2},
	pages={239},
	keywords={3D shape registration; convergence; geometric entity; geometric model; iterative closest point; mean-square distance metric; pattern recognition; point set registration; computational geometry; convergence of numerical methods; iterative methods; optimisation; picture processing},
	isbn={0162-8828}
}

@inproceedings{RefWorks:269,
	author={Martin Bichsel and Alex P. Pentland},
	year={1992},
	title={A simple algorithm for shape from shading},
	booktitle={Computer Vision and Pattern Recognition, 1992. Proceedings CVPR'92., 1992 IEEE Computer Society Conference on},
	publisher={IEEE},
	pages={459-465}
}

@article{RefWorks:247,
	author={Soma Biswas and Gaurav Aggarwal and Rama Chellappa},
	year={2009},
	title={Robust estimation of albedo for illumination-invariant matching and shape recovery},
	journal={Pattern Analysis and Machine Intelligence, IEEE Transactions on},
	volume={31},
	number={5},
	pages={884-899}
}

@inproceedings{RefWorks:248,
	author={Soma Biswas and Rama Chellappa},
	year={2010},
	title={Pose-robust albedo estimation from a single image},
	booktitle={Computer Vision and Pattern Recognition (CVPR), 2010 IEEE Conference on},
	publisher={IEEE},
	pages={2683-2690}
}

@inproceedings{RefWorks:96,
	author={Volker Blanz and Thomas Vetter},
	year={1999},
	title={A morphable model for the synthesis of 3D faces},
	booktitle={Proceedings of the 26th annual conference on Computer graphics and interactive techniques},
	publisher={ACM Press/Addison-Wesley Publishing Co.},
	pages={187-194}
}

@inproceedings{RefWorks:2,
	author={V. Blanz and K. Scherbaum and H. -P Seidel},
	year={2007},
	month={oct.},
	title={Fitting a Morphable Model to 3D Scans of Faces},
	booktitle={Computer Vision, 2007. ICCV 2007. IEEE 11th International Conference},
	pages={1},
	keywords={3D data analysis; 3D face scan; FRGC database; PCA-based representation; analysis-by-synthesis approach; face recognition; illumination correction; morphable model fitting; surface fitting; top-down approach; data analysis; image morphing; image representation; principal component analysis; solid modelling},
	isbn={1550-5499}
}

@article{RefWorks:19,
	author={Gunilla Borgefors},
	year={1996},
	month={11},
	title={On Digital Distance Transforms in Three Dimensions},
	journal={Computer Vision and Image Understanding},
	volume={64},
	number={3},
	pages={368-376},
	isbn={1077-3142}
}

@article{RefWorks:249,
	author={Michael J. Brooks and Berthold KP Horn},
	year={1985},
	title={Shape and source from shading}
}

@inproceedings{RefWorks:9,
	author={Qin Cai and David Gallup and Cha Zhang and Zhengyou Zhang},
	year={2010},
	title={3D deformable face tracking with a commodity depth camera},
	booktitle={Proceedings of the 11th European conference on computer vision conference on Computer vision: Part III},
	series={ECCV'10},
	publisher={Springer-Verlag},
	address={Berlin, Heidelberg},
	location={Heraklion, Crete, Greece},
	pages={229-242},
	isbn={3-642-15557-X, 978-3-642-15557-4},
	url={http://dl.acm.org/citation.cfm?id=1927006.1927026}
}

@article{RefWorks:237,
	author={M. Castelan and W. A. P. Smith and E. R. Hancock},
	year={2007},
	title={A Coupled Statistical Model for Face Shape Recovery From Brightness Images},
	journal={Image Processing, IEEE Transactions on},
	volume={16},
	number={4},
	pages={1139-1151},
	note={ID: 1},
	keywords={Fourier analysis; image representation; principal component analysis; Fourier basis representation; brightness images; coupled statistical model; face images; face shape recovery; facial shape representations; principal components analysis; surface shape representations; Brightness; Data mining; Equations; Image reconstruction; Nose; Shape; Surface fitting; Surface reconstruction; Surface topography; Face analysis; shape-from-shading (SFS); statistical models; Algorithms; Artificial Intelligence; Biometry; Computer Simulation; Face; Humans; Image Enhancement; Image Interpretation, Computer-Assisted; Imaging, Three-Dimensional; Lighting; Models, Biological; Models, Statistical; Pattern Recognition, Automated; Photometry; Reproducibility of Results; Sensitivity and Specificity},
	isbn={1057-7149}
}

@article{RefWorks:28,
	author={Umberto Castellani and Vincent Gay-Bellile and Adrien Bartoli},
	year={2008},
	title={Robust deformation capture from temporal range data for surface rendering},
	journal={Computer Animation and Virtual Worlds},
	volume={19},
	number={5},
	pages={591-603},
	keywords={deformable models; 3D registration; Levenberg?Marquardt; bending energy; motion capture},
	isbn={1546-427X}
}

@inproceedings{RefWorks:208,
	author={Mohamed Chaouch and Anne Verroust-Blondet},
	year={2008},
	title={A novel method for alignment of 3D models},
	booktitle={Shape Modeling and Applications, 2008. SMI 2008. IEEE International Conference on},
	publisher={IEEE},
	pages={187-195}
}

@article{RefWorks:55,
	author={Zhih-Wei Chen and Cheng-Chin Chiang and Zi-Tian Hsieh},
	year={2010},
	title={Extending 3D Lucas-Kanade tracking with adaptive templates for head pose estimation},
	journal={Machine Vision and Applications},
	volume={21},
	number={6},
	pages={889-903},
	keywords={Visual tracking; Lucasâ€“Kanade tracker; 3D pose estimation; Maximum likelihood estimation; Adaptive template},
	isbn={0932-8092},
	language={English},
	url={http://dx.doi.org/10.1007/s00138-009-0222-y}
}

@article{RefWorks:16,
	author={Dmitry Chetverikov and Dmitry Stepanov and Pavel Krsek},
	year={2005},
	month={3/1},
	title={Robust Euclidean alignment of 3D point sets: the trimmed iterative closest point algorithm},
	journal={Image and Vision Computing},
	volume={23},
	number={3},
	pages={299-309},
	keywords={Registration; Point sets; Iterative closest point; Least trimmed squares; Robustness},
	isbn={0262-8856}
}

@article{RefWorks:231,
	author={Haili Chui and Anand Rangarajan},
	year={2003},
	title={A new point matching algorithm for non-rigid registration},
	journal={Computer Vision and Image Understanding},
	volume={89},
	number={2},
	pages={114-141}
}

@inproceedings{RefWorks:234,
	author={Chun-Wei Chen and Chieh-Chih Wang},
	year={2008},
	title={3D active appearance model for aligning faces in 2D images},
	booktitle={Intelligent Robots and Systems, 2008. IROS 2008. IEEE/RSJ International Conference on},
	pages={3133-3139},
	note={ID: 1}
}

@inproceedings{RefWorks:212,
	author={André Collignon and Frederik Maes and Dominique Delaere and Dirk Vandermeulen and Paul Suetens and Guy Marchal},
	year={1995},
	title={Automated multi-modality image registration based on information theory},
	booktitle={Information processing in medical imaging},
	volume={3},
	pages={263-274}
}

@article{RefWorks:95,
	author={Timothy F. Cootes and Gareth J. Edwards and Christopher J. Taylor},
	year={2001},
	title={Active appearance models},
	journal={Pattern Analysis and Machine Intelligence, IEEE Transactions on},
	volume={23},
	number={6},
	pages={681-685}
}

@inproceedings{RefWorks:273,
	author={Timothy F. Cootes and Christopher J. Taylor},
	year={2001},
	title={On representing edge structure for model matching},
	booktitle={Computer Vision and Pattern Recognition, 2001. CVPR 2001. Proceedings of the 2001 IEEE Computer Society Conference on},
	publisher={IEEE},
	volume={1},
	pages={I-1114-I-1119 vol. 1}
}

@article{RefWorks:14,
	author={Daehwan Kim and Daijin Kim},
	year={2010},
	title={A Fast ICP Algorithm for 3-D Human Body Motion Tracking},
	journal={Signal Processing Letters, IEEE},
	volume={17},
	number={4},
	pages={402-405},
	note={ID: 1},
	abstract={Iterative closest point (ICP) algorithm has been widely used for registering the geometry, shape and color of the 3-D meshes. However, ICP requires a long computation time to find the corresponding closest points between the model points and the data points. To overcome this problem, we propose a fast ICP algorithm that consists of two acceleration techniques: hierarchical model point selection (HMPS) and logarithmic data point search (LDPS). HMPS accelerates the search by reducing the search region of the data points corresponding to a model point effectively: it selects the model points in a coarse-to-fine manner and employs the four neighboring closest data points in the upper layer to make the search region for finding the closest data point corresponding to a model point in the lower layer. LDPS accelerates the search by visiting the data points within the search region using 2-D logarithm search. The HMPS method and the LDPS method can be operating separately or together. To evaluate the speed of the proposed ICP, we apply it to the 3-D human body motion tracking. The proposed fast ICP is about 3.17 times faster than the existing ICP such as the K-D tree.},
	keywords={image registration; iterative methods; motion estimation; shape recognition; trees (mathematics); 3D human body motion tracking; 3D meshes; K-D tree; fast ICP algorithm; hierarchical model point selection; iterative closest point algorithm; logarithmic data point search; neighboring closest data points},
	isbn={1070-9908}
}

@article{RefWorks:250,
	author={James Damon and JS Marron},
	year={2013},
	title={Backwards Principal Component Analysis and Principal Nested Relations},
	journal={Journal of Mathematical Imaging and Vision},
	pages={1-8}
}

@article{RefWorks:61,
	author={Konstantinos G. Derpanis and Mikhail Sizintsev and Kevin J. Cannons and Richard P. Wildes},
	year={2013},
	title={Action Spotting and Recognition Based on a Spatiotemporal Orientation Analysis},
	journal={Pattern Analysis and Machine Intelligence, IEEE Transactions on},
	volume={35},
	number={3},
	pages={527-540},
	note={ID: 1},
	abstract={This paper provides a unified framework for the interrelated topics of action spotting, the spatiotemporal detection and localization of human actions in video, and action recognition, the classification of a given video into one of several predefined categories. A novel compact local descriptor of video dynamics in the context of action spotting and recognition is introduced based on visual spacetime oriented energy measurements. This descriptor is efficiently computed directly from raw image intensity data and thereby forgoes the problems typically associated with flow-based features. Importantly, the descriptor allows for the comparison of the underlying dynamics of two spacetime video segments irrespective of spatial appearance, such as differences induced by clothing, and with robustness to clutter. An associated similarity measure is introduced that admits efficient exhaustive search for an action template, derived from a single exemplar video, across candidate video sequences. The general approach presented for action spotting and recognition is amenable to efficient implementation, which is deemed critical for many important applications. For action spotting, details of a real-time GPU-based instantiation of the proposed approach are provided. Empirical evaluation of both action spotting and action recognition on challenging datasets suggests the efficacy of the proposed approach, with state-of-the-art performance documented on standard datasets.},
	isbn={0162-8828}
}

@article{RefWorks:87,
	author={MatthewP Dickens and WilliamA P. Smith and Jing Wu and EdwinR Hancock},
	year={2007},
	title={Face Recognition Using Principal Geodesic Analysis and Manifold Learning},
	volume={4477},
	pages={426-434},
	isbn={978-3-540-72846-7},
	url={http://dx.doi.org/10.1007/978-3-540-72847-4_55}
}

@article{RefWorks:58,
	author={Raquel Dosil and Xosé M. Pardo and Xosé R. Fdez-Vidal},
	year={2006},
	month={3/1},
	title={Data-driven synthesis of composite-feature detectors for 3D image analysis},
	journal={Image and Vision Computing},
	volume={24},
	number={3},
	pages={225-238},
	keywords={3D image representation; Composite features; Multiresolution analysis; Mutual information; Hierarchical clustering},
	isbn={0262-8856}
}

@article{RefWorks:72,
	author={N. Dowson and R. Bowden},
	year={2008},
	title={Mutual Information for Lucas-Kanade Tracking (MILK): An Inverse Compositional Formulation},
	journal={Pattern Analysis and Machine Intelligence, IEEE Transactions on},
	volume={30},
	number={1},
	pages={180-185},
	note={ID: 1},
	keywords={convergence; functions; image registration; inverse problems; optical tracking; optimisation; Levenberg-Marquardt optimization; Lucas-Kanade tracking; constant Hessian; function optimization; inverse compositional formulation; mutual information; Computer vision; Image Processing and Computer Vision; Optimization; Tracking; Algorithms; Artificial Intelligence; Image Enhancement; Image Interpretation, Computer-Assisted; Imaging, Three-Dimensional; Motion; Pattern Recognition, Automated; Subtraction Technique},
	isbn={0162-8828}
}

@article{RefWorks:25,
	author={Shaoyi Du and Nanning Zheng and Shihui Ying and Jianyi Liu},
	year={2010},
	month={7/1},
	title={Affine iterative closest point algorithm for point set registration},
	journal={Pattern Recognition Letters},
	volume={31},
	number={9},
	pages={791-799},
	keywords={Affine point set registration; Iterative closest point algorithm; Lie group; Singular value decomposition; Independent component analysis},
	isbn={0167-8655}
}

@article{RefWorks:230,
	author={Jean-Denis Durou and Maurizio Falcone and Manuela Sagona},
	year={2008},
	title={Numerical methods for shape-from-shading: A new survey with benchmarks},
	journal={Computer Vision and Image Understanding},
	volume={109},
	number={1},
	pages={22-43}
}

@article{RefWorks:44,
	author={D. W. Eggert and A. Lorusso and R. B. Fisher},
	year={1997},
	title={Estimating 3-D rigid body transformations: a comparison of four major algorithms},
	journal={Machine Vision and Applications},
	volume={9},
	number={5},
	pages={272-290}
}

@inproceedings{RefWorks:245,
	author={S. Elhabian and E. Mostafa and H. Rara and A. Farag},
	year={2012},
	title={Non-Lambertian Model-based Facial Shape Recovery from Single Image Under Unknown General Illumination},
	booktitle={Computer and Robot Vision (CRV), 2012 Ninth Conference on},
	pages={252-259},
	note={ID: 1}
}

@article{RefWorks:51,
	author={R. Estépar and A. Brun and C. F. Westin},
	year={2004},
	title={Robust generalized total least squares iterative closest point registration},
	journal={Medical Image Computing and Computer-Assisted Intervention–MICCAI 2004},
	pages={234-241}
}

@article{RefWorks:59,
	author={G. D. Evangelidis and E. Z. Psarakis},
	year={2008},
	title={Parametric image alignment using enhanced correlation coefficient maximization},
	journal={Pattern Analysis and Machine Intelligence, IEEE Transactions on},
	volume={30},
	number={10},
	pages={1858-1865}
}

@inproceedings{RefWorks:11,
	author={N. Fairfield and D. Wettergreen},
	year={2009},
	title={Evidence grid-based methods for 3D map matching},
	booktitle={Robotics and Automation, 2009. ICRA '09. IEEE International Conference on},
	pages={1637-1642},
	note={ID: 1},
	abstract={Registering multiple sets of 3D range data is a crucial capability for robots. The standard method for matching two sets of range data is to convert the ranges to a point cloud representation, and then use on of the many variants of iterative closest point (ICP). We present a set of alternative methods for matching 3D range scans based on a different data representation: evidence grid maps. Evidence grids are robust to noise and variations in point density, can incorporate an indefinite number of ranges, and explicitly encode empty as well as occupied space. While 3D evidence grids can be huge when naively implemented, we use an optimized octree data structure to efficiently store sparse volumetric maps. To register a series of range scans, we build an evidence grid map for each scan, and then register them together using a several different methods. The first two methods are based on a 3D extension of the classic 2D Lucas-Kanade template matching method, and differ only in whether we match a single large region, or multiple small regions that are selected heuristically. Our third method involves extracting surfaces from the evidence grids, and then running ICP to register the surfaces. We demonstrate our methods and compare them to ICP using two datasets collected by two different subterranean robots.},
	isbn={1050-4729}
}

@article{RefWorks:236,
	author={Gabriele Fanelli and Matthias Dantone and Luc Van Gool},
	year={2013},
	title={Real Time 3D Face Alignment with Random Forests-based Active Appearance Models},
	journal={IEEE Conference on Automatic Face and Gesture Recognition (FG'13)}
}

@inbook{RefWorks:264,
	author={Gabriele Fanelli and Thibaut Weise and Juergen Gall and Luc Van Gool},
	year={2011},
	title={Real time head pose estimation from consumer depth cameras},
	series={Pattern Recognition},
	publisher={Springer},
	pages={101-110}
}

@inproceedings{RefWorks:45,
	author={S. Fantoni and U. Castellani and A. Fusiello},
	year={2012},
	title={Accurate and Automatic Alignment of Range Surfaces},
	booktitle={3D Imaging, Modeling, Processing, Visualization and Transmission (3DIMPVT), 2012 Second International Conference on},
	pages={73-80},
	note={ID: 1},
	abstract={This paper describes an automatic pipeline that is able to take a set of unordered range images and align them into a full 3D model. A global voting scheme is employed for view matching, inspired by 2D techniques for image mosaicing. Then a multiple view registration approach is introduced, which aims at optimizing the alignment error simultaneously for all the views. Experiments demonstrate the effectiveness of the method.}
}

@inproceedings{RefWorks:34,
	author={O. D. Faugeras and M. Hebert},
	year={1983},
	title={A 3-D recognition and positioning algorithm using geometrical matching between primitive surfaces},
	booktitle={Proceedings of the Eighth international joint conference on Artificial intelligence - Volume 2},
	series={IJCAI'83},
	publisher={Morgan Kaufmann Publishers Inc},
	address={San Francisco, CA, USA},
	location={Karlsruhe, West Germany},
	pages={996-1002},
	url={http://dl.acm.org/citation.cfm?id=1623516.1623603}
}

@article{RefWorks:3,
	author={A. J. Fitch and A. Kadyrov and W. J. Christmas and J. Kittler},
	year={2005},
	month={aug.},
	title={Fast robust correlation},
	journal={Image Processing, IEEE Transactions},
	volume={14},
	number={8},
	pages={1063},
	keywords={computational cost; exhaustive image-matching technique; fast image-matching technique; fast robust correlation; frequency domain; robust matching surface; statistically robust image-matching technique; translational image-matching technique; correlation methods; image matching; Algorithms; Computer Simulation; Image Enhancement; Image Interpretation; Computer-Assisted; Information Storage and Retrieval; Models; Statistical; Numerical Analysis; Pattern Recognition; Automated; Signal Processing; Statistics as Topic; Subtraction Technique},
	isbn={1057-7149}
}

@article{RefWorks:17,
	author={Andrew W. Fitzgibbon},
	year={2003},
	month={12/1},
	title={Robust registration of 2D and 3D point sets},
	journal={Image and Vision Computing},
	volume={21},
	number={13–14},
	pages={1145-1153},
	keywords={Iterated Closest Point; Range image registration; Levenberg–Marquardt},
	isbn={0262-8856}
}

@article{RefWorks:100,
	author={P. Thomas Fletcher and Conglin Lu and Stephen M. Pizer and Sarang Joshi},
	year={2004},
	title={Principal geodesic analysis for the study of nonlinear statistics of shape},
	journal={Medical Imaging, IEEE Transactions on},
	volume={23},
	number={8},
	pages={995-1005}
}

@article{RefWorks:99,
	author={Robert T. Frankot and Rama Chellappa},
	year={1988},
	title={A method for enforcing integrability in shape from shading algorithms},
	journal={Pattern Analysis and Machine Intelligence, IEEE Transactions on},
	volume={10},
	number={4},
	pages={439-451}
}

@article{RefWorks:93,
	author={Georgios Goudelis and Stefanos Zafeiriou and Anastasios Tefas and Ioannis Pitas},
	year={2007},
	title={Class-specific kernel-discriminant analysis for face verification},
	journal={Information Forensics and Security, IEEE Transactions on},
	volume={2},
	number={3},
	pages={570-587}
}

@article{RefWorks:48,
	author={S. Granger and X. Pennec},
	year={2006},
	title={Multi-scale EM-ICP: A fast and robust approach for surface registration},
	journal={Computer Vision—ECCV 2002},
	pages={69-73}
}

@article{RefWorks:76,
	author={R. Gross and I. Matthews and S. Baker},
	year={2003},
	title={Lucas-Kanade 20 years on: a unifying framework: Part 3},
	journal={Cmu-ri-tr-03-05, CMU}
}

@article{RefWorks:278,
	author={Ralph Gross and Iain Matthews and Simon Baker},
	year={2005},
	title={Generic vs. person specific active appearance models},
	journal={Image and Vision Computing},
	volume={23},
	number={12},
	pages={1080-1093}
}

@article{RefWorks:83,
	author={Régis Guillemaud and Michael Brady},
	year={1997},
	title={Estimating the bias field of MR images},
	journal={Medical Imaging, IEEE Transactions on},
	volume={16},
	number={3},
	pages={238-251}
}

@inbook{RefWorks:228,
	author={Eldad Haber and Jan Modersitzki},
	year={2006},
	title={Intensity gradient based registration and fusion of multi-modal images},
	series={Medical Image Computing and Computer-Assisted Intervention–MICCAI 2006},
	publisher={Springer},
	pages={726-733}
}

@article{RefWorks:262,
	author={Tobias Heimann and Hans-Peter Meinzer},
	year={2009},
	month={8},
	title={Statistical shape models for 3D medical image segmentation: A review},
	journal={Medical image analysis},
	volume={13},
	number={4},
	pages={543-563},
	keywords={Statistical shape model; Deformable surface; Active Shape model; Active Appearance model},
	isbn={1361-8415}
}

@article{RefWorks:47,
	author={Micha Hersch and Aude Billard and Sven Bergmann},
	year={2012},
	title={Iterative Estimation of Rigid-Body Transformations},
	journal={Journal of Mathematical Imaging and Vision},
	volume={43},
	number={1},
	pages={1-9},
	keywords={Pose estimation; Iterative closest point; Image registration; Rotation estimation; Rodrigues parametrization},
	isbn={0924-9907},
	language={English},
	url={http://dx.doi.org/10.1007/s10851-011-0279-x}
}

@article{RefWorks:241,
	author={Heung-Sun Ng and Tai-Pang Wu and Chi-Keung Tang},
	year={2010},
	title={Surface-from-Gradients without Discrete Integrability Enforcement: A Gaussian Kernel Approach},
	journal={Pattern Analysis and Machine Intelligence, IEEE Transactions on},
	volume={32},
	number={11},
	pages={2085-2099},
	note={ID: 1},
	keywords={Fourier transforms; Gaussian processes; gradient methods; image reconstruction; surface reconstruction; wavelet transforms; 3D continuous surface reconstruction; Fourier transform; Gaussian kernel approach; discrete integrability enforcement; high-dimensional space; kernel basis functions; representative surface reconstruction algorithms; source code; surface distortion; surface-from-gradients; wavelet bases transform; Anisotropic magnetoresistance; Closed-form solution; Discrete wavelet transforms; Kernel; Noise reduction; Photometry; Reconstruction algorithms; Surface treatment; Surface waves; Surface from gradients; basis functions.; integrability; kernel methods; Algorithms; Artificial Intelligence; Humans; Image Processing, Computer-Assisted; Imaging, Three-Dimensional; Normal Distribution; Pattern Recognition, Automated; Reproducibility of Results; Software},
	isbn={0162-8828}
}

@inproceedings{RefWorks:211,
	author={Derek L. Hill and Colin Studholme and David J. Hawkes},
	year={1994},
	title={Voxel similarity measures for automated image registration},
	booktitle={Visualization in Biomedical Computing 1994},
	publisher={International Society for Optics and Photonics},
	pages={205-216}
}

@article{RefWorks:214,
	author={M. Holden and D. L. G. Hill and E. R. E. Denton and J. M. Jarosz and T. C. S. Cox and T. Rohlfing and J. Goodey and D. J. Hawkes},
	year={2000},
	title={Voxel similarity measures for 3-D serial MR brain image registration},
	journal={Medical Imaging, IEEE Transactions on},
	volume={19},
	number={2},
	pages={94-102},
	note={ID: 1},
	keywords={biomedical MRI; brain; entropy; image registration; image segmentation; medical image processing; 3-D serial MR brain image registration; MRI; brain segmentation; extradural tissue; joint entropy; magnetic resonance imaging; medical diagnostic imaging; transformation estimates consistency; voxel similarity measures; Biomedical imaging; Distortion measurement; Hospitals; Magnetic resonance; Radiology; Testing; Adult; Algorithms; Human Growth Hormone; Humans; Image Processing, Computer-Assisted},
	isbn={0278-0062}
}

@article{RefWorks:36,
	author={Hugues Hoppe and Tony DeRose and Tom Duchamp and John McDonald and Werner Stuetzle},
	year={1992},
	month={jul},
	title={Surface reconstruction from unorganized points},
	journal={SIGGRAPH Comput.Graph.},
	volume={26},
	number={2},
	pages={71-78},
	keywords={geometric modeling; range data analysis; surface fitting; three-dimensional shape recovery},
	isbn={0097-8930},
	url={http://doi.acm.org/10.1145/142920.134011}
}

@article{RefWorks:209,
	author={Berthold KP Horn and Brian G. Schunck},
	year={1981},
	title={Determining optical flow},
	journal={Artificial Intelligence},
	volume={17},
	number={1},
	pages={185-203}
}

@article{RefWorks:35,
	author={Berthold K. P. Horn},
	year={1987},
	month={Apr},
	title={Closed-form solution of absolute orientation using unit quaternions},
	journal={J.Opt.Soc.Am.A},
	volume={4},
	number={4},
	pages={629-642},
	url={http://josaa.osa.org/abstract.cfm?URI=josaa-4-4-629}
}

@article{RefWorks:219,
	author={Stephan Huckemann and Herbert Ziezold},
	year={2006},
	title={Principal component analysis for Riemannian manifolds, with an application to triangular shape spaces},
	journal={Advances in Applied Probability},
	volume={38},
	number={2},
	pages={299-319}
}

@book{RefWorks:207,
	author={Ian T. Jolliffe},
	year={1986},
	title={Principal component analysis},
	publisher={Springer-Verlag New York},
	volume={487}
}

@inbook{RefWorks:56,
	author={Timothee Jost and Heinz Hugli},
	editor={Gool,Luc},
	year={2002},
	title={Fast ICP Algorithms for Shape Registration},
	series={Pattern Recognition},
	publisher={Springer Berlin Heidelberg},
	volume={2449},
	pages={91-99},
	isbn={978-3-540-44209-7},
	language={English},
	url={http://dx.doi.org/10.1007/3-540-45783-6_12}
}

@article{RefWorks:221,
	author={Sungkyu Jung and Ian L. Dryden and JS Marron},
	year={2012},
	title={Analysis of principal nested spheres},
	journal={Biometrika},
	volume={99},
	number={3},
	pages={551-568}
}

@article{RefWorks:220,
	author={Sungkyu Jung and Mark Foskey and JS Marron},
	year={2011},
	title={Principal arc analysis on direct product manifolds},
	journal={The Annals of Applied Statistics},
	volume={5},
	number={1},
	pages={578-603}
}

@inbook{RefWorks:222,
	author={Sungkyu Jung and Xiaoxiao Liu and JS Marron and Stephen M. Pizer},
	year={2010},
	title={Generalized PCA via the backward stepwise approach in image analysis},
	series={Brain, Body and Machine},
	publisher={Springer},
	pages={111-123}
}

@article{RefWorks:106,
	author={Ioannis A. Kakadiaris and Georgios Passalis and George Toderici and Mohammed N. Murtuza and Yunliang Lu and Nikos Karampatziakis and Theoharis Theoharis},
	year={2007},
	title={Three-dimensional face recognition in the presence of facial expressions: An annotated deformable model approach},
	journal={Pattern Analysis and Machine Intelligence, IEEE Transactions on},
	volume={29},
	number={4},
	pages={640-649}
}

@misc{RefWorks:38,
  author = 	 {L. Kavan},
  year = 	 {2006},
  title = 	 {Dual quaternions for rigid transformation blending},
  journal = 	 {Technical report series}
}

@inproceedings{RefWorks:27,
	author={Ladislav Kavan and Steven Collins and Jiri Zara and Carol O'Sullivan},
	year={2007},
	title={Skinning with dual quaternions},
	booktitle={Proceedings of the 2007 symposium on Interactive 3D graphics and games},
	series={I3D '07},
	publisher={ACM},
	address={New York, NY, USA},
	location={Seattle, Washington},
	pages={39-46},
	keywords={blending; dual quaternions; linear combinations; rigid transformations; skinning},
	isbn={978-1-59593-628-8},
	url={http://doi.acm.org/10.1145/1230100.1230107}
}

@article{RefWorks:37,
	author={Ladislav Kavan and Steven Collins and Jiri Z'ara and Carol O'Sullivan},
	year={2008},
	month={nov},
	title={Geometric skinning with approximate dual quaternion blending},
	journal={ACM Trans.Graph.},
	volume={27},
	number={4},
	pages={105:1-105:23},
	keywords={Skinning; dual quaternions; linear combinations; rigid transformations; transformation blending},
	isbn={0730-0301},
	url={http://doi.acm.org/10.1145/1409625.1409627}
}

@article{RefWorks:226,
	author={Ira Kemelmacher-Shlizerman and Ronen Basri},
	year={2011},
	title={3d face reconstruction from a single image using a single reference face shape},
	journal={Pattern Analysis and Machine Intelligence, IEEE Transactions on},
	volume={33},
	number={2},
	pages={394-405}
}

@inproceedings{RefWorks:238,
	author={Ira Kemelmacher-Shlizerman and Ronen Basri and Boaz Nadler},
	year={2008},
	title={3D shape reconstruction of Mooney faces},
	booktitle={Computer Vision and Pattern Recognition, 2008. CVPR 2008. IEEE Conference on},
	publisher={IEEE},
	pages={1-8}
}

@article{RefWorks:26,
	author={B. Kenwright},
	title={A Beginners Guide to Dual-Quaternions}
}

@article{RefWorks:24,
	author={Dorota Kozinska and Oleh J. Tretiak and Jonathan Nissanov and Cengizhan Ozturk},
	year={1997},
	month={11},
	title={Multidimensional Alignment Using the Euclidean Distance Transform},
	journal={Graphical Models and Image Processing},
	volume={59},
	number={6},
	pages={373-387},
	isbn={1077-3169}
}

@article{RefWorks:103,
	author={WJ Krzanowski},
	year={1979},
	title={Between-groups comparison of principal components},
	journal={Journal of the American Statistical Association},
	volume={74},
	number={367},
	pages={703-707}
}

@article{RefWorks:256,
	author={Annika Kuhl and Tele Tan and Svetha Venkatesh},
	year={2009},
	title={Automatic Fitting of a Deformable Face Mask Using a Single Image},
	volume={5496},
	pages={69-81},
	keywords={Deformable Face Mask; Eigenfaces; PCA; ASM},
	isbn={978-3-642-01810-7},
	url={http://dx.doi.org/10.1007/978-3-642-01811-4_7}
}

@article{RefWorks:254,
	author={JT-Y Kwok and IW-H Tsang},
	year={2004},
	title={The pre-image problem in kernel methods},
	journal={Neural Networks, IEEE Transactions on},
	volume={15},
	number={6},
	pages={1517-1525}
}

@inproceedings{RefWorks:229,
	author={V. Kyrki},
	year={2008},
	title={Quaternion representation for similarity transformations in visual SLAM},
	booktitle={Intelligent Robots and Systems, 2008. IROS 2008. IEEE/RSJ International Conference on},
	pages={2498-2503},
	note={ID: 1}
}

@inproceedings{RefWorks:261,
	author={KY Esther Leung and Marijn van Stralen and Gerard van Burken and Nico de Jong and Johan G. Bosch},
	year={2010},
	title={Automatic active appearance model segmentation of 3D echocardiograms},
	booktitle={Biomedical Imaging: From Nano to Macro, 2010 IEEE International Symposium on},
	publisher={IEEE},
	pages={320-323}
}

@techreport{RefWorks:13,
	author={Chih-jen Lin},
	year={2007},
	title={Projected gradient methods for non-negative matrix factorization},
	institution={Neural Computation}
}

@article{RefWorks:4,
	author={Stephan Liwicki and Georgios Tzimiropoulos and Stefanos Zafeiriou and Maja Pantic},
	year={2012},
	title={Euler Principal Component Analysis},
	journal={International Journal of Computer Vision},
	pages={1-21},
	keywords={Euler PCA; Robust subspace; Online learning; Tracking; Background modeling},
	isbn={0920-5691},
	language={English},
	url={http://dx.doi.org/10.1007/s11263-012-0558-z}
}

@article{RefWorks:216,
	author={David G. Lowe},
	year={2004},
	title={Distinctive image features from scale-invariant keypoints},
	journal={International journal of computer vision},
	volume={60},
	number={2},
	pages={91-110}
}

@inproceedings{RefWorks:71,
	author={Bruce D. Lucas and Takeo Kanade},
	year={1981},
	title={An iterative image registration technique with an application to stereo vision},
	booktitle={Proceedings of the 7th international joint conference on Artificial intelligence}
}

@article{RefWorks:67,
	author={Simon Lucey and Rajitha Navarathna and Ahmed Bilal Ashraf and Sridha Sridharan},
	year={2012},
	title={Fourier Lucas-Kanade Algorithm},
	journal={IEEE Transactions on Pattern Analysis and Machine Intelligence},
	volume={99},
	number={PrePrints},
	pages={1},
	isbn={0162-8828}
}

@article{RefWorks:70,
	author={JB Antoine Maintz and Max A. Viergever},
	year={1998},
	title={An overview of medical image registration methods},
	journal={UU-CS},
	number={1998-22}
}

@inproceedings{RefWorks:206,
	author={Ameesh Makadia and AI Patterson and Kostas Daniilidis},
	year={2006},
	title={Fully automatic registration of 3D point clouds},
	booktitle={Computer Vision and Pattern Recognition, 2006 IEEE Computer Society Conference on},
	publisher={IEEE},
	volume={1},
	pages={1297-1304}
}

@inproceedings{RefWorks:244,
	author={Ioannis Marras and Stefanos Zafeiriou and Georgios Tzimiropoulos},
	year={2012},
	title={Robust learning from normals for 3d face recognition},
	booktitle={Computer Vision–ECCV 2012. Workshops and Demonstrations},
	publisher={Springer},
	pages={230-239}
}

@article{RefWorks:258,
	author={Pedro Martins and Rui Caseiro and Jorge Batista},
	year={2012},
	title={Generative face alignment through 2.5 D active appearance models},
	journal={Computer Vision and Image Understanding}
}

@article{RefWorks:227,
	author={Iain Matthews and Simon Baker},
	year={2004},
	title={Active appearance models revisited},
	journal={International Journal of Computer Vision},
	volume={60},
	number={2},
	pages={135-164}
}

@article{RefWorks:21,
	author={C. R. Maurer  Jr. and Rensheng Qi and V. Raghavan},
	year={2003},
	title={A linear time algorithm for computing exact Euclidean distance transforms of binary images in arbitrary dimensions},
	journal={Pattern Analysis and Machine Intelligence, IEEE Transactions on},
	volume={25},
	number={2},
	pages={265-270},
	note={ID: 1},
	abstract={A sequential algorithm is presented for computing the exact Euclidean distance transform (DT) of a k-dimensional binary image in time linear in the total number of voxels N. The algorithm, which is based on dimensionality reduction and partial Voronoi diagram construction, can be used for computing the DT for a wide class of distance functions, including the Lp and chamfer metrics. At each dimension level, the DT is computed by constructing the intersection of the Voronoi diagram whose sites are the feature voxels with each row of the image. This construction is performed efficiently by using the DT in the next lower dimension. The correctness and linear time complexity are demonstrated analytically and verified experimentally. The algorithm may be of practical value since it is relatively simple and easy to implement and it is relatively fast (not only does it run in O(N) time but the time constant is small). A simple modification of the algorithm computes the weighted Euclidean DT, which is useful for images with anisotropic voxel dimensions. A parallel version of the algorithm runs in O(N/p) time with p processors.},
	keywords={computational complexity; computational geometry; image processing; transforms; Voronoi diagram; anisotropic voxel dimensions; binary images; chamfer metrics; dimensionality reduction; exact Euclidean DT; exact Euclidean distance transform computation; feature voxels; linear time algorithm; linear time complexity; multidimensional binary image; partial Voronoi diagram construction},
	isbn={0162-8828}
}

@article{RefWorks:85,
	author={J. Minguez and L. Montesano and F. Lamiraux},
	year={2006},
	title={Metric-based iterative closest point scan matching for sensor displacement estimation},
	journal={Robotics, IEEE Transactions on},
	volume={22},
	number={5},
	pages={1047-1054},
	note={ID: 1},
	keywords={displacement measurement; iterative methods; mobile robots; telerobotics; iterative closest point framework; mobile robot displacement estimation; point scan matching technique; sensor displacement estimation; Computational geometry; Equations; Motion planning; Optimal control; Orbital robotics; Path planning; Robot motion; Robot sensing systems; Skeleton; scan matching},
	isbn={1552-3098}
}

@misc{RefWorks:22,
  author = 	 {Yuriy Mishchenko},
  year = 	 {2012},
  title = 	 {Fast line scan algorithm for discrete Euclidean distance transform in three or more dimensions},
  url = 	 {http://www.scinetcentral.com/~mishchenko/double.pdf}
}

@article{RefWorks:260,
	author={Steven C. Mitchell and Johan G. Bosch and Boudewijn PF Lelieveldt and van der Geest, Rob J and Johan HC Reiber and Milan Sonka},
	year={2002},
	title={3-D active appearance models: segmentation of cardiac MR and ultrasound images},
	journal={Medical Imaging, IEEE Transactions on},
	volume={21},
	number={9},
	pages={1167-1178}
}

@article{RefWorks:7,
	author={H. Mohammadzade and D. Hatzinakos},
	year={2012},
	title={Iterative Closest Normal Point for 3D Face Recognition},
	journal={Pattern Analysis and Machine Intelligence, IEEE Transactions},
	volume={PP},
	number={99},
	pages={1},
	isbn={0162-8828}
}

@article{RefWorks:12,
	author={Daniel Münch and Benoît Combès and Sylvain Prima},
	year={2010},
	title={A modified ICP algorithm for normal-guided surface registration},
	pages={76231A-76231A-8},
	url={+ http://dx.doi.org/10.1117/12.844994}
}

@article{RefWorks:210,
	author={Hans-Hellmut Nagel},
	year={1983},
	month={1},
	title={Displacement vectors derived from second-order intensity variations in image sequences},
	journal={Computer Vision, Graphics, and Image Processing},
	volume={21},
	number={1},
	pages={85-117},
	isbn={0734-189X}
}

@misc{RefWorks:77,
	author={Inc Neuromorphometrics},
	year={2013},
	title={T1-weighted MR brain images via academic subscription}
}

@article{RefWorks:204,
	author={Andreas Nüchter and Kai Lingemann and Joachim Hertzberg and Hartmut Surmann},
	year={2007},
	title={6D SLAM—3D mapping outdoor environments},
	journal={Journal of Field Robotics},
	volume={24},
	number={8‐9},
	pages={699-722}
}

@inproceedings{RefWorks:277,
	author={George Papandreou and Petros Maragos},
	year={2008},
	title={Adaptive and constrained algorithms for inverse compositional active appearance model fitting},
	booktitle={Computer Vision and Pattern Recognition, 2008. CVPR 2008. IEEE Conference on},
	publisher={IEEE},
	pages={1-8}
}

@article{RefWorks:89,
	author={Ankur Patel and William A. P. Smith},
	year={2012},
	month={5},
	title={Driving 3D morphable models using shading cues},
	journal={Pattern Recognition},
	volume={45},
	number={5},
	pages={1993-2004},
	keywords={Shape-from-shading; Morphable models; Face recognition; Face synthesis},
	isbn={0031-3203}
}

@inproceedings{RefWorks:105,
	author={Pascal Paysan and Reinhard Knothe and Brian Amberg and Sami Romdhani and Thomas Vetter},
	year={2009},
	title={A 3D face model for pose and illumination invariant face recognition},
	booktitle={Advanced Video and Signal Based Surveillance, 2009. AVSS'09. Sixth IEEE International Conference on},
	publisher={IEEE},
	pages={296-301}
}

@article{RefWorks:101,
	author={Xavier Pennec},
	year={2006},
	title={Intrinsic statistics on Riemannian manifolds: Basic tools for geometric measurements},
	journal={Journal of Mathematical Imaging and Vision},
	volume={25},
	number={1},
	pages={127-154}
}

@article{RefWorks:39,
	author={A. Perez and J. M. McCarthy},
	year={2004},
	title={Dual quaternion synthesis of constrained robotic systems},
	journal={TRANSACTIONS-AMERICAN SOCIETY OF MECHANICAL ENGINEERS JOURNAL OF MECHANICAL DESIGN},
	volume={126},
	pages={425-435}
}

@inproceedings{RefWorks:251,
	author={P. Jonathon Phillips and Patrick J. Flynn and Todd Scruggs and Kevin W. Bowyer and Jin Chang and Kevin Hoffman and Joe Marques and Jaesik Min and William Worek},
	year={2005},
	title={Overview of the face recognition grand challenge},
	booktitle={Computer vision and pattern recognition, 2005. CVPR 2005. IEEE computer society conference on},
	publisher={IEEE},
	volume={1},
	pages={947-954}
}

@article{RefWorks:270,
	author={Tsai Ping-Sing and Mubarak Shah},
	year={1994},
	title={Shape from shading using linear approximation},
	journal={Image and Vision Computing},
	volume={12},
	number={8},
	pages={487-498}
}

@article{RefWorks:63,
	author={Marcel Prastawa and Elizabeth Bullitt and Guido Gerig},
	year={2009},
	title={Simulation of brain tumors in MR images for evaluation of segmentation efficacy},
	journal={Medical image analysis},
	volume={13},
	number={2},
	pages={297}
}

@inproceedings{RefWorks:64,
	author={E. Z. Psarakis and G. D. Evangelidis},
	year={2005},
	title={An enhanced correlation-based method for stereo correspondence with subpixel accuracy},
	booktitle={Computer Vision, 2005. ICCV 2005. Tenth IEEE International Conference on},
	volume={1},
	pages={907-912 Vol. 1},
	note={ID: 1},
	isbn={1550-5499}
}

@inproceedings{RefWorks:275,
	author={Sami Romdhani and Thomas Vetter},
	year={2003},
	title={Efficient, robust and accurate fitting of a 3D morphable model},
	booktitle={Computer Vision, 2003. Proceedings. Ninth IEEE International Conference on},
	publisher={IEEE},
	pages={59-66}
}

@article{RefWorks:69,
	author={D. Rueckert and L. I. Sonoda and C. Hayes and D. L. G. Hill and M. O. Leach and D. J. Hawkes},
	year={1999},
	title={Nonrigid registration using free-form deformations: application to breast MR images},
	journal={Medical Imaging, IEEE Transactions on},
	volume={18},
	number={8},
	pages={712-721},
	note={ID: 1},
	keywords={biomechanics; biomedical MRI; image motion analysis; image registration; mammography; medical image processing; splines (mathematics); B-splines; MR mammography; MRI; affine transformation; breast motion; contrast enhancement; free-form deformation; global motion; hierarchical transformation model; intensity changes; local breast motion; magnetic resonance imaging; medical diagnostic imaging; voxel-based similarity measure; Biomedical imaging; Breast cancer; Breast tissue; Cancer detection; Cost function; Cyclic redundancy check; Diseases; Breast; Female; Humans; Image Processing, Computer-Assisted},
	isbn={0278-0062}
}

@inproceedings{RefWorks:15,
	author={S. Rusinkiewicz and M. Levoy},
	year={2001},
	title={Efficient variants of the ICP algorithm},
	booktitle={3-D Digital Imaging and Modeling, 2001. Proceedings. Third International Conference on},
	pages={145-152},
	note={ID: 1},
	abstract={The ICP (Iterative Closest Point) algorithm is widely used for geometric alignment of three-dimensional models when an initial estimate of the relative pose is known. Many variants of ICP have been proposed, affecting all phases of the algorithm from the selection and matching of points to the minimization strategy. We enumerate and classify many of these variants, and evaluate their effect on the speed with which the correct alignment is reached. In order to improve convergence for nearly-flat meshes with small features, such as inscribed surfaces, we introduce a new variant based on uniform sampling of the space of normals. We conclude by proposing a combination of ICP variants optimized for high speed. We demonstrate an implementation that is able to align two range images in a few tens of milliseconds, assuming a good initial guess. This capability has potential application to real-time 3D model acquisition and model-based tracking}
}

@article{RefWorks:49,
	author={J. Salvi and C. Matabosch and D. Fofi and J. Forest},
	year={2007},
	title={A review of recent range image registration methods with accuracy evaluation},
	journal={Image and Vision Computing},
	volume={25},
	number={5},
	pages={578-596}
}

@inproceedings{RefWorks:276,
	author={Patrick Sauer and Timothy F. Cootes and Christopher J. Taylor},
	year={2011},
	title={Accurate Regression Procedures for Active Appearance Models.},
	booktitle={BMVC},
	pages={1-11}
}

@article{RefWorks:94,
	author={Bernhard Schölkopf and Alexander Smola and Klaus-Robert Müller},
	year={1998},
	title={Nonlinear component analysis as a kernel eigenvalue problem},
	journal={Neural computation},
	volume={10},
	number={5},
	pages={1299-1319}
}

@inproceedings{RefWorks:218,
	author={Alan C. Schultz and William Adams},
	year={1998},
	title={Continuous localization using evidence grids},
	booktitle={Robotics and Automation, 1998. Proceedings. 1998 IEEE International Conference on},
	publisher={IEEE},
	volume={4},
	pages={2833-2839}
}

@article{RefWorks:90,
	author={William AP Smith and Edwin R. Hancock},
	year={2006},
	title={Recovering facial shape using a statistical model of surface normal direction},
	journal={Pattern Analysis and Machine Intelligence, IEEE Transactions on},
	volume={28},
	number={12},
	pages={1914-1930}
}

@article{RefWorks:86,
	author={WilliamA P. Smith and EdwinR Hancock},
	year={2008},
	title={Facial Shape-from-shading and Recognition Using Principal Geodesic Analysis and Robust Statistics},
	journal={International Journal of Computer Vision},
	volume={76},
	number={1},
	pages={71-91},
	keywords={Shape-from-shading; Face recognition; Principal geodesic analysis},
	isbn={0920-5691},
	language={English},
	url={http://dx.doi.org/10.1007/s11263-007-0074-8}
}

@book{RefWorks:102,
	author={John Parr Snyder},
	year={1987},
	title={Map projections--A working manual},
	publisher={USGPO},
	number={1395}
}

@article{RefWorks:81,
	author={Victor Spitzer and Michael J. Ackerman and Ann L. Scherzinger and David Whitlock},
	year={1996},
	month={March 01},
	title={The visible Human Male: A Technical Report},
	journal={Journal of the American Medical Informatics Association},
	volume={3},
	number={2},
	pages={118-130},
	abstract={The National Library of Medicine's Visible Human Male data set consists of digital magnetic resonance (MR), computed tomography (CT), and anatomic images derived from a single male cadaver. The data set is 15 gigabytes in size and is available from the National Library of Medicine under a no-cost license agreement. The history of the Visible Human Male cadaver and the methods and technology to produce the data set are described.}
}

@article{RefWorks:79,
	author={Colin Studholme and Derek LG Hill and David J. Hawkes},
	year={1999},
	title={An overlap invariant entropy measure of 3D medical image alignment},
	journal={Pattern Recognition},
	volume={32},
	number={1},
	pages={71-86}
}

@inproceedings{RefWorks:213,
	author={Colin Studholme and Derek LG Hill and David J. Hawkes},
	year={1995},
	title={Multiresolution voxel similarity measures for MR-PET registration},
	booktitle={Information processing in medical imaging},
	publisher={Dordrecht, The Netherlands: Kluwer},
	volume={252}
}

@article{RefWorks:205,
	author={Hartmut Surmann and Andreas Nüchter and Joachim Hertzberg},
	year={2003},
	title={An autonomous mobile robot with a 3D laser range finder for 3D exploration and digitalization of indoor environments},
	journal={Robotics and Autonomous Systems},
	volume={45},
	number={3},
	pages={181-198}
}

@article{RefWorks:280,
	author={Sima Taheri and Aswin Sankaranarayanan and Rama Chellappa},
	year={2012},
	title={Joint Albedo Estimation and Pose Tracking from Video}
}

@inproceedings{RefWorks:274,
	author={Barry-John Theobald and Iain Matthews and Simon Baker},
	year={2006},
	title={Evaluating error functions for robust active appearance models},
	booktitle={Automatic Face and Gesture Recognition, 2006. FGR 2006. 7th International Conference on},
	publisher={IEEE},
	pages={149-154}
}

@article{RefWorks:57,
	author={D. Thomas and A. Sugimoto},
	year={2013},
	title={Range Image Registration using a Photometric Metric Under unknown Lighting},
	journal={Pattern Analysis and Machine Intelligence, IEEE Transactions on},
	volume={PP},
	number={99},
	pages={1-1},
	note={ID: 1},
	abstract={Based on the spherical harmonics representation of image formation, we derive a new photometric metric for evaluating the correctness of a given rigid transformation aligning two overlapping range images captured under unknown, distant and general illumination. We estimate the surrounding illumination and albedo values of points of the two range images from the point correspondences induced by the input transformation. We then synthesize the color of both range images using albedo values transferred using the point correspondences to compute the photometric re-projection error. This way allows us to accurately register two range images by finding the transformation that minimizes the photometric re-projection error. We also propose a practical method using the proposed photometric metric to register pairs of range images devoid of salient geometric features, captured under unknown lighting. Our method uses a hypothesize-and-test strategy to search for the transformation that minimizes our photometric metric. Transformation candidates are efficiently generated by employing the spherical representation of each range image. Experimental results using both synthetic and real data demonstrate the usefulness of the proposed metric.},
	isbn={0162-8828}
}

@inproceedings{RefWorks:40,
	author={A. Torsello and E. Rodola and A. Albarelli},
	year={2011},
	title={Multiview registration via graph diffusion of dual quaternions},
	booktitle={Computer Vision and Pattern Recognition (CVPR), 2011 IEEE Conference on},
	publisher={IEEE},
	pages={2441-2448}
}

@article{RefWorks:98,
	author={Matthew Turk and Alex Pentland},
	year={1991},
	title={Eigenfaces for recognition},
	journal={Journal of cognitive neuroscience},
	volume={3},
	number={1},
	pages={71-86}
}

@inbook{RefWorks:272,
	author={Georgios Tzimiropoulos and Joan Alabort-i-Medina and Stefanos Zafeiriou and Maja Pantic},
	year={2013},
	title={Generic active appearance models revisited},
	series={Computer Vision–ACCV 2012},
	publisher={Springer},
	pages={650-663}
}

@article{RefWorks:68,
	author={G. Tzimiropoulos and V. Argyriou and S. Zafeiriou and T. Stathaki},
	year={2010},
	title={Robust FFT-Based Scale-Invariant Image Registration with Image Gradients},
	journal={Pattern Analysis and Machine Intelligence, IEEE Transactions on},
	volume={32},
	number={10},
	pages={1899-1906},
	note={ID: 1},
	keywords={correlation methods; fast Fourier transforms; gradient methods; image registration; interpolation; scaling phenomena; FFT-based correlation; Fourier-based correlation techniques; aliasing; arbitrary rotations; border effects; complex gray-level edge maps; image features; image functions; image gradients; image nature; interpolation errors; log-polar Fourier domain; residual translation; robustness; scale factors; scale-invariant image registration; spatial domain; translations; Cameras; Correlation; Heart; Layout; Motion estimation; Object detection; Video compression; FFT; Global motion estimation; frontal view face registration.},
	isbn={0162-8828}
}

@article{RefWorks:5,
	author={G. Tzimiropoulos and S. Zafeiriou and M. Pantic},
	year={2012},
	month={dec.},
	title={Subspace Learning from Image Gradient Orientations},
	journal={Pattern Analysis and Machine Intelligence, IEEE Transactions},
	volume={34},
	number={12},
	pages={2454},
	keywords={#x2113; 2 norm intensity-based counterparts; Gabor features; IGO-PCA; LDA; LE; LLE; Laplacian eigenmaps; Matlab code; appearance-based object recognition; cosine-based distance measure; covariance matrices; data population; eigendecomposition; image gradient orientations; linear discriminant analysis; local binary patterns; locally linear embedding; occlusion-robust face recognition; pixel intensities; principal component analysis; subspace learning; eigenvalues and eigenfunctions; face recognition; feature extraction; gradient methods; learning (artificial intelligence); object recognition},
	isbn={0162-8828}
}

@inproceedings{RefWorks:6,
	author={G. Tzimiropoulos and S. Zafeiriou and M. Pantic},
	year={2011},
	month={nov.},
	title={Robust and efficient parametric face alignment},
	booktitle={Computer Vision (ICCV), 2011 IEEE International Conference},
	pages={1847},
	keywords={#x2113; 2 norm-based algorithms; correlation coefficient; correlation-based approach; face analysis; gradient ascent; illumination changes; image structures; occlusions; parametric face alignment; parametric object alignment; pixel intensities; computer graphics; correlation methods; face recognition; gradient methods; image resolution; lighting},
	isbn={1550-5499}
}

@article{RefWorks:33,
	author={S. Umeyama},
	year={1991},
	title={Least-squares estimation of transformation parameters between two point patterns},
	journal={Pattern Analysis and Machine Intelligence, IEEE Transactions on},
	volume={13},
	number={4},
	pages={376-380},
	note={ID: 1},
	abstract={In many applications of computer vision, the following problem is encountered. Two point patterns (sets of points) {xi} and {xi}; i=1, 2, . . ., n are given in m-dimensional space, and the similarity transformation parameters (rotation, translation, and scaling) that give the least mean squared error between these point patterns are needed. Recently, K.S. Arun et al. (1987) and B.K.P. Horn et al. (1987) presented a solution of this problem. Their solution, however, sometimes fails to give a correct rotation matrix and gives a reflection instead when the data is severely corrupted. The proposed theorem is a strict solution of the problem, and it always gives the correct transformation parameters even when the data is corrupted},
	keywords={computer vision; error analysis; least squares approximations; parameter estimation; pattern recognition; computer vision,; least mean squared error; transformation parameters; two point patterns},
	isbn={0162-8828}
}

@article{RefWorks:203,
	author={Paul Viola and William M. Wells III},
	year={1997},
	title={Alignment by maximization of mutual information},
	journal={International journal of computer vision},
	volume={24},
	number={2},
	pages={137-154}
}

@article{RefWorks:32,
	author={Michael W. Walker and Lejun Shao and Richard A. Volz},
	year={1991},
	month={11},
	title={Estimating 3-D location parameters using dual number quaternions},
	journal={CVGIP: Image Understanding},
	volume={54},
	number={3},
	pages={358-367},
	isbn={1049-9660}
}

@article{RefWorks:246,
	author={Yang Wang and Lei Zhang and Zicheng Liu and Gang Hua and Zhen Wen and Zhengyou Zhang and Dimitris Samaras},
	year={2009},
	title={Face relighting from a single image under arbitrary unknown lighting conditions},
	journal={Pattern Analysis and Machine Intelligence, IEEE Transactions on},
	volume={31},
	number={11},
	pages={1968-1984}
}

@inproceedings{RefWorks:107,
	author={Wei Jen Chew and Kah Phooi Seng and Li-Minn Ang},
	year={2010},
	title={Surface normal angle for 3D face recognition},
	booktitle={Computer Applications and Industrial Electronics (ICCAIE), 2010 International Conference on},
	pages={477-480},
	note={ID: 1}
}

@article{RefWorks:253,
	author={Christopher KI Williams},
	year={2002},
	title={On a connection between kernel PCA and metric multidimensional scaling},
	journal={Machine Learning},
	volume={46},
	number={1-3},
	pages={11-19}
}

@article{RefWorks:268,
	author={Robert J. Woodham},
	year={1980},
	title={Photometric method for determining surface orientation from multiple images},
	journal={Optical engineering},
	volume={19},
	number={1},
	pages={191139-191139-}
}

@article{RefWorks:252,
	author={Philip L. Worthington and Edwin R. Hancock},
	year={1999},
	title={New constraints on data-closeness and needle map consistency for shape-from-shading},
	journal={Pattern Analysis and Machine Intelligence, IEEE Transactions on},
	volume={21},
	number={12},
	pages={1250-1267}
}

@article{RefWorks:88,
	author={Jing Wu and William A. P. Smith and Edwin R. Hancock},
	year={2011},
	month={12},
	title={Gender discriminating models from facial surface normals},
	journal={Pattern Recognition},
	volume={44},
	number={12},
	pages={2871-2886},
	keywords={Gender classification; Facial surface normals; Statistical model; Feature extraction; Principal geodesic analysis},
	isbn={0031-3203}
}

@inproceedings{RefWorks:259,
	author={Xi Zhao and P. Szeptycki and E. Dellandrea and Liming Chen},
	year={2009},
	title={Precise 2.5D facial landmarking via an analysis by synthesis approach},
	booktitle={Applications of Computer Vision (WACV), 2009 Workshop on},
	pages={1-7},
	note={ID: 1},
	isbn={1550-5790}
}

@inproceedings{RefWorks:233,
	author={Jing Xiao and Simon Baker and Iain Matthews and Takeo Kanade},
	year={2004},
	title={Real-time combined 2D 3D active appearance models},
	booktitle={CVPR (2)},
	pages={535-542}
}

@inproceedings{RefWorks:239,
	author={Xuehan Xiong and Fernando De la Torre},
	year={2013},
	title={Supervised Descent Method and its Applications to Face Alignment},
	publisher={CVPR}
}

@article{RefWorks:92,
	author={Jian Yang and Alejandro F. Frangi and Jing-yu Yang and David Zhang and Zhong Jin},
	year={2005},
	title={KPCA plus LDA: a complete kernel Fisher discriminant framework for feature extraction and recognition},
	journal={Pattern Analysis and Machine Intelligence, IEEE Transactions on},
	volume={27},
	number={2},
	pages={230-244}
}

@inproceedings{RefWorks:104,
	author={Lijun Yin and Xiaochen Chen and Yi Sun and Tony Worm and Michael Reale},
	year={2008},
	title={A high-resolution 3D dynamic facial expression database},
	booktitle={Automatic Face and Gesture Recognition, 2008. FG'08. 8th IEEE International Conference on},
	publisher={IEEE},
	pages={1-6}
}

@inproceedings{RefWorks:62,
	author={Junsong Yuan and Zicheng Liu and Ying Wu},
	year={2009},
	title={Discriminative subvolume search for efficient action detection},
	booktitle={Computer Vision and Pattern Recognition, 2009. CVPR 2009. IEEE Conference on},
	publisher={IEEE},
	pages={2442-2449}
}

@inproceedings{RefWorks:202,
	author={Stefanos Zafeiriou and Mark Hansen and Gary Atkinson and Vasileios Argyriou and Maria Petrou and Melvyn Smith and Lyndon Smith},
	year={2011},
	title={The photoface database},
	booktitle={Computer Vision and Pattern Recognition Workshops (CVPRW), 2011 IEEE Computer Society Conference on},
	publisher={IEEE},
	pages={132-139}
}

@misc{RefWorks:20,
  author = 	 {Zhengyou Zhang},
  year = 	 {1992},
  title = 	 {Iterative Point Matching for Registration of Free-Form Curves}
}

@inproceedings{RefWorks:46,
	author={Zhengyan Wang and A. Jepson},
	year={1994},
	title={A new closed-form solution for absolute orientation},
	booktitle={Computer Vision and Pattern Recognition, 1994. Proceedings CVPR '94., 1994 IEEE Computer Society Conference on},
	pages={129-134},
	note={ID: 1},
	abstract={Presents a closed-form solution for the determination of 3D displacement and rotation parameters, given a set of 3D point correspondences. The method applies to the general case of arbitrary displacement and rotation with respect to an arbitrary stationary scene. The approach is based on the linear subspace method, which allows separate linear equations to be extracted for the displacement and rotation. This leads to a simple algorithm, suitable for real-time implementations, for the determination of both the 3D transformation and error estimates for the estimated 3D displacement. Preliminary experimental results with range data are presented},
	isbn={1063-6919}
}

@article{RefWorks:78,
	author={Xiahai Zhuang and Simon Arridge and David J. Hawkes and Sebastien Ourselin},
	year={2011},
	title={A nonrigid registration framework using spatially encoded mutual information and free-form deformations},
	journal={Medical Imaging, IEEE Transactions on},
	volume={30},
	number={10},
	pages={1819-1828}
}

@inproceedings{RefWorks:30,
	author={T. Zinsser and J. Schmidt and H. Niemann},
	year={2003},
	title={A refined ICP algorithm for robust 3-D correspondence estimation},
	booktitle={Image Processing, 2003. ICIP 2003. Proceedings. 2003 International Conference on},
	publisher={IEEE},
	volume={2},
	pages={--695}
}

@article{RefWorks:215,
	author={Barbara Zitova and Jan Flusser},
	year={2003},
	title={Image registration methods: a survey},
	journal={Image and Vision Computing},
	volume={21},
	number={11},
	pages={977-1000}
}